@book{keiser2017,
  author    = {Gerd Keiser},
  title     = {Optical Fiber Communications},
  year      = {2017},
  publisher = {McGraw-Hill}
}

@article{smith2020,
  author    = {John Smith},
  title     = {Recent Advances in Optical Fiber Technology},
  journal   = {Journal of Optical Engineering},
  year      = {2020},
  volume    = {45},
  number    = {3},
  pages     = {123-130}
}
